%%%%%%%%%%%%%%%%%%%%%%%% Physics

@article
	{Maxwell1,
	title="A dynamical theory of the electromagnetic field",
	author="J. C. Maxwell",
	journal="Philosophical Transactions of the Royal Society of London",
	year="1865",
	volume="{155}",
	pages="{ 459 -- 512}"
	}
	
@article
	{Zou1,
	title="Dielectric resonator nanoantennas at visible frequencies",
	author="L. Zou and W. Withayachumnankul and C. Shah and A. Mitchell and M. Bhaskaran and S. Sriram and C. Fumeaux",
	journal="Optics Express",
	year="2013",
	volume="{21}",
	pages="{ 1344 -- 1352}"
	}
	
@article
	{Zou2,
	title="Spectral and angular characteristics of dielectric resonator metasurface at optical frequencies",
	author="L. Zou and M. Lopez-Garcia and W. Withayachumnankul and C. M. Shah and A. Mitchell and M. Bhaskaran and S. Sriram and R. Oulton and M. Klemm and C. Fumeaux",
	journal="Applied Physics Letters",
	year="2014",
	volume="{105}",
	pages="{ 191109}"
	}
	
@article
	{Chung1,
	title="Plasmonic nanostructures for nanoscale biosensing",
	author="T. Chung and S. Y. Lee and E. Y. Song and H. Chun and B. Lee",
	journal="Sensors",
	year="2011",
	volume="{11}",
	pages="{ 10907 -- 10929}"
	}
	
@article{Chong1,
	title="The {F}ano resonance in plasmonic nanostructures and metamaterials",
	author="B. Luk'yanchuk and N. I. Zheludev and S. A. Maier and N. J. Halas and P. Nordlander and H. Giessen and C. T. Chong",
	journal="Nature Materials",
	year="2010",
	volume="{9}",
	pages="{ 707 -- 715}"
}

@article{Foteinopoulo1,
	title="Optical near-field excitations on plasmonic nanoparticle-based structures",
	author="S. Foteinopoulo and J. P. Vigneron and C. Vandenbem",
	journal="Optics Express",
	year="2007",
	volume="{15}",
	pages="{ 4253 -- 4267}"
}

@article{Le1,
	title="Metallic nanoparticle arrays: a common substrate for both surface-enhanced {R}aman scattering and surface-enhanced infrared absorption",
	author="F. Le and D. W. Brandl and Y. A. Urzhumov and H. Wang and J. Kundu and N. J. Halas and J. Aizpurua and P. Nordlander",
	journal="ACS Nano",
	year="2008",
	volume="{2}",
	pages="{ 707 -- 718}"
}
	
@article
	{Sotiriou1,
	title="Photothermal killing of cancer cells by the controlled plasmonic coupling of silica-coated {Au/Fe2O3} nanoaggregates",
	author="G. A. Sotirou and F. Starsich and A. Dasargyri and M. C. Wurning and F. Krumeich and A. Boss and J. C. Leroux and S. E. Pratsinis",
	journal="Advanced Functional Materials",
	year="2014",
	volume="{24}",
	pages="{ 2818 -- 2827}"
	}
	
@article
	{Dolling1,
	title="Negative-index metamaterials at 780 nm wavelength",
	author="G. Dolling and M. Wegener and C. M. Soukoulis and S. Linden",
	journal="Optical Letters",
	year="2007",
	volume="{32}",
	pages="{ 53 -- 55}"
	}
	
@article
	{Cai1,
	title="Optical cloaking with metamaterials",
	author="W. Cai and U. Chettiar and A. Kildishev and V. Shalaev",
	journal="Nature Photonics",
	year="2007",
	volume="{1}",
	pages="{ 224 -- 227}"
	}

@book
	{Keithley1,
    	title="The {S}tory of {E}lectrical and {M}agnetic {M}easurements: {F}rom 500 {BC} to the 1940s",
   	 author="J. F. Keithley",
   	 publisher="Wiley-IEEE Press",
   	 year="1998"
	}
	
@book
	{Johnson1,
    	title="Photonic {C}rystals, {M}olding the {F}low of {L}ight",
	edition="Second",
    	author="J. D. Joannopoulos and S. G. Johnson",
   	publisher="Princeton University Press",
    	year="2007"
	}
	
@book
	{Novotny1,
    	title="Principles of nano-optics",
	edition="First",
    	author="B. Novotny and L. Hecht",
   	publisher="Cambridge University Press",
    	year="2007"
	}
	
@book
	{Jackson1,
    	title="Classical {E}lectrodynamics",
    	author="J. D. Jackson",
	edition="Third",
   	publisher="J. Wiley and Sons",
    	year="1998"
	}
	
@book
	{Feynman1,
    	title="The {F}eynman lectures on physics, {V}olume {II}",
	edition="Millenium edition",
    	author="R. Feynman",
   	publisher="Basic Books",
    	year="2010"
	}
	
@book
	{Rothwell1,
    	title="Electromagnetics",
    	author="E. J. Rothwell and M. J. Cloud",
   	publisher="CRC Press",
    	year="2001"
	}
	
@book
	{Hulst1,
    	title="Light scattering by small particles",
    	author="H. C. van de Hulst",
    	publisher="Dover Pulibcations, Inc.",
    	year="1981"
	}
	
@article
	{Pirzadeh1,
	title="Plasmon-interband Coupling in {N}ickel Nanoantennas",
	author="Z. Pirzadeh and T. Pakizeh and V. Miljkovic and C. Langhammer and A. Dmitriev",
	journal="ACS Photonics",
	year="2014",
	volume="{1}",
	pages="{ 158 -- 162}"
	}
	
@article
	{Wolff1,
	title="Simple magneto-optic transition metal models for time-domain simulations",
	author="C. Wolff and R. Rodriguez-Oliveros and K. Busch",
	journal="Optics Express",
	year="2013",
	volume="{21}",
	pages="{ 12022 -- 12037}"
	}
	
@book
	{Maier1,
    	title="Plasmonics: {F}undamentals and {A}pplications",
    	author="S. A. Maier",
   	publisher="Springer",
    	year="2007"
	}
	
@book
	{Buck1,
    	title="Fundamentals of optical fibers",
	edition="Second",
    	author="J. A. Buck",
   	publisher="Wiley-Blackwell",
    	year="2004"
	}
	
@article
	{Abajo1,
	title="Optical excitations in electron microscopy",
	author="F. J. G. Abajo",
	journal= "Review of modern physics",
	year="2010",
	volume="{82}",
	pages="{ 209 -- 275}"
	}

@article
	{Dai1,
	title="Electrodynamics effects in plasmonic nanolenses",
	author="J. Dai and F. Cajko and I. Tsukerman and M. I. Stockman",
	journal= "Physical Review B",
	year="2008",
	volume="{77}",
	pages="{ 115419}"
	}

@article
	{Li2,
	title="Self-similar chains of metal nanospheres as an efficient nanolens",
	author="K. Li and M. I. Stockman and D. J. Bergman",
	journal= "Physical Review Letters",
	year="2003",
	volume="{91}",
	pages="{ 227402}"
	}
	
@book
	{Landau1,
    	title="Electrodynamics of Continuous Media",
    	author="L. D. Landau and E. M. Lifshitz",
   	publisher="Pergamon Press",
    	year="1960"
	}
	
@book
	{Huang2,
    	title="Reflectarray antennas",
    	author="J. Huang and J. A. Encinar",
   	publisher="IEEE Press",
    	year="2008"
	}

%%%%%%%%%%%%%%%%%%%%%%%% Dispersion
	
@article
	{Gabriel1,
	title="The dielectric properties of biological tissues: {I}. {L}iterature survey",
	author="C. Gabriel and S. Gabriel and E. Corthout",
	journal= "Physics in Medicine and Biology",
	year="1996",
	volume="{41}",
	pages="{ 2231 -- 2249}"
	}
	
@article
	{Johnson2,
	title="Optical constants of the noble metals",
	author="P. B. Johnson and R. W. Christy",
	journal= "Physical Review B",
	year="1972",
	volume="{6}",
	pages="{ 4370 -- 4379}"
	}
	
@article
	{Johnson3,
	title="Optical constants of transition metals: {Ti}, {V}, {Cr}, {Mn}, {Fe}, {Co}, {Ni}, and {Pd}",
	author="P. B. Johnson and R. W. Christy",
	journal= "Physical Review B",
	year="1974",
	volume="{9}",
	pages="{ 5056 -- 5070}"
	}
	
@article
	{Fleming1,
	title="Material dispersion in lightguide glasses",
	author="J. W. Fleming",
	journal= "Electronics Letters",
	year="1978",
	volume="{14}",
	pages="{ 326 -- 328}"
	}
	
@article
	{Cole1,
	title="Dispersion and Absorption in Dielectrics - {I} {A}lternating Current Characteristics",
	author="K. S. Cole and R. H. Cole",
	journal= "Journal of Chemical Physics",
	year="1941",
	volume="{9}",
	pages="{ 341 -- 352}"
	}
	
@article
	{Drude1,
	title="Zur elektronentheorie der metalle",
	author="P. Drude",
	journal= "Annalen der Physik",
	year="1900",
	volume="{306}",
	pages="{ 566 -- 613}"
	}
	
@article
	{Hao2,
	title="Efficient dielectric function for {FDTD} simulation of the optical properties of silver and gold nanoparticles",
	author="F. Hao and P. Nordlander",
	journal= "Chemical Physics Letters",
	year="2007",
	volume="{446}",
	pages="{ 115 -- 118}"
	}
	
@article
	{Vial1,
	title="A new model of dispersion for metals leading to a more accurate modeling of plasmonic structures using the {FDTD} method",
	author="A. Vial and T. Laroche and M. Dridi and L. Le Cunff",
	journal= "Applied Physics A",
	year="2011",
	volume="{203}",
	pages="{ 849 -- 853}"
	}
	
@article
	{Lu1,
	title="Implementation of an efficient dielectric function into the finite difference time domain method for simulating the coupling between localized surface plasmons of nanostructures",
	author="J. Y. Lu and Y. H. Chang",
	journal= "Superlattices and Microstructures",
	year="2009",
	volume="{47}",
	pages="{ 60 -- 65}"
	}
	
@article
	{Han1,
	title="Model dispersive media in {FDTD} method with complex-conjugate pole-residue pairs",
	author="M. Han and R. W. Dutton and S. Fan",
	journal= "Microwave and Wireless Components Letters",
	year="2006",
	volume="{16}",
	pages="{ 119 -- 121}"
	}
	
@article
	{Gustavsen1,
	title="Rational approximation of frequency domain responses by vector fitting",
	author="B. Gustavsen and S. Semlyen",
	journal= "Transactions on Power Delivery",
	year="1999",
	volume="{14}",
	pages="{ 1052 -- 1061}"
	}
	
@book
	{Palik1,
    	title="Handbook of Optical Constants of Solids",
    	author="E. D. Palik",
   	publisher="Academic Press",
    	year="1998"
	}

@article
	{Baum1,
	title="A modular implementation of dispersive materials for time-domain simulations with application to gold nanospheres at optical frequencies",
	author="D. Baumann and C. Fumeaux and C. Hafner and E. P. Li",
	journal="Optics Express",
	year="2009",
	volume="{17}"
	}
	
@article
	{Rakic1,
	title="Optical properties of metallic films for vertical-cavity optoelectronic devices",
	author="A. D. Rakic and A. B. Djurisic and J. M. Elazar and M. L. Majewski",
	journal= "Applied Optics",
	year="1998",
	volume="{37}",
	pages="{ 5271 -- 5283}"
	}

%%%%%%%%%%%%%%%%%%%%%%%% FDTD

@article
	{Courant1,
	title="Uber die partiellen {D}ifferenzengleichungen der mathematischen {P}hysik",
	author="Richard, Courant and Friedrichs, K. O. and Hans, Lewy",
	journal="Mathematische Annalen",
	year="1928",
	volume="{100}",
	pages="{ 32 -- 74}"
	}

@article
	{Yee1,
	title="Numerical solution of initial boundary value problems involving {M}axwell's equations in isotropic media",
	author="K. Yee",
	journal="IEEE Transactions on Antennas and Propagation",
	year="1966",
	volume="{14}",
	pages="{ 302 -- 307}"
	}

@article
	{Ditkowski1,
	title="Convergent cartesian grid methods for {M}axwell's equations in complex geometries",
	author="A. Ditkowski and K. Dridi and J. S. Hesthaven",
	journal="Journal of Computational Physics",
	year="2001",
	volume="{170}",
	pages="{ 39 -- 80}"
	}
	
@article
	{Hao1,
	title="Analyzing electromagnetic structures with curved boundaries on Cartesian {FDTD} meshes",
	author="Y. Hao and J. C. Railton",
	journal="IEEE Transactions on Antennas Propagation",
	year="1998",
	volume="{46}",
	pages="{ 82 -- 88}"
	}

@book
	{Taflove1,
    	title="Computational Electrodynamics: The Finite-Difference Time- Domain Method",
	edition="third",
    	author="A. Taflove and S. Hagness",
   	publisher="Artech House, Boston",
    	year="2005"
	}
	
@article
	{Salski1,
	title="{FDTD} for nanoscale and optical problems",
	author="B. Salski and M. Celuch and W. Gwarek",
	journal="IEEE Microwave Magazine",
	year="2010",
	volume="{10}",
	pages="{ 50 -- 59}"
	}
	
@book
	{Strikwerda1,
    	title="Finite difference schemes and partial differential equations",
	edition="second",
    	author="J. Strikwerda",
   	publisher="SIAM",
    	year="2004"
	}
	
@article
	{Costen1,
	title="Comparison of {FDTD} hard source with {FDTD} soft source and accuracy assessment in {D}ebye media",
	author="F. Costen and J.-P. B\'erenger and A. K. Brown",
	journal="IEEE Transactions on Antennas and Propagation",
	year="2009",
	volume="{57}",
	pages="{ 2014 -- 2022}"
	}
	
@article
	{Cao1,
	title="Electron Energy-Loss Spectroscopy Calculation in Finite-Difference Time-Domain Package",
	author="Y. Cao and A. Manjavacas and N. Large and P. Nordlander",
	journal="ACS Photonics",
	year="2015",
	volume="{2}",
	pages="{ 369 -- 375}"
	}
	
%%%%%%%%%%%%%%%%%%%%%%%% FETD

@article
	{Silvester1,
	title="Finite Element Solution of Homogeneous Waveguide Problems",
	author="P. Silvester",
	journal="Alta Frequenza",
	year="1969",
	volume="{38}",
	pages="{ 313 -- 317}"
	}
	
@article
	{Sun1,
	title="Spurious modes in finite element methods",
	author="D. Sun and J. Manges and X. Yuan and Z. Cendes",
	journal="IEEE Antennas and Propagation Magazine",
	year="1995",
	volume="{37}",
	pages="{ 12 -- 24}"
	}
	
@article
	{Nedelec1,
	title="Mixed finite elements in $\mathbb{R}^3$",
	author="J. C. N\'ed\'elec",
	journal="Numerische Mathematik",
	year="1980",
	volume="{35}",
	pages="{ 315 -- 341}"
	}

@article
	{Huang1,
	title="Modeling backward wave propagation in metamaterials by the finite element time-domain method",
	author="Y. Huang and J. Li and W. Yang",
	journal="SIAM Journal of Scientific Computing",
	year="2013",
	volume="{35}",
	pages="{ 248 -- 274}"
	}

%%%%%%%%%%%%%%%%%%%%%%%% Non-local

@article
	{Esquivel1,
	title="Spatial dispersion in Casimir forces : a brief review",
	author="R. Esquivel-Sirvent and C. Villarreal and W. L. Mochan and A. M. Contreras-Reyes and V. B. Svetovo",
	journal="Journal of Physics A : Mathematical and General",
	year="2006",
	volume="{39}",
	pages="{ 6323 -- 6331}"
	}
	
@book
	{Boardman1,
    	title="Electromagnetic Surface Modes",
    	author="A. D. Boardman",
    	publisher="Wiley, New-York",
    	year="1982"
	}

@article
	{Moreau1,
	title="The impact of nonlocal response on metallo-dielectric multilayers and optical patch antennas",
	author="A. Moreau and C. Ciraci and D. R. Smith",
	journal="Physical Review B",
	year="2013",
	volume="{87}",
	pages="{ 045401}"
	}
	
@unpublished
	{Schmitt1,
	title="A {DGTD} method for the numerical modeling of the interaction of light with nanometer scale metallic structures taking into account non-local dispersion effects",
	author="N. Schmitt and C. Scheid and S. Lanteri and A. Moreau and J. Viquerat",
	journal="Journal of Computational Physics",
	note="Submitted, 2015"
	}

%%%%%%%%%%%%%%%%%%%%%%%% DGTD

@article
	{Fezoui1,
	title="Convergence and stability of a discontinuous {G}alerkin time-domain method for the 3{D} heterogeneous {M}axwell equation on unstructured meshes",
	author="L. Fezoui and others",
	journal="ESAIM : Mathematical Modelling and Numerical Analysis",
	year="2005",
	volume="{39}",
	pages="{ 1149 -- 1176}"
	}

@article
	{Hesthaven1,
	title="Nodal high-order methods on unstructured grids: I. {T}ime- domain solution of {M}axwell's equations",
	author="J. Hesthaven and T. Warburton",
	journal="Journal of Computational Physics",
	year="2002",
	volume="{181}",
	pages="{ 186 -- 221}"
	}
	
@article{Bernacki1,
	title="Parallel discontinuous {G}alerkin unstructured mesh solvers for the calculation of three-dimensional wave propagation problems",
	author="M. Bernacki and L. Fezoui and S. Lanteri and S. Piperno",
	journal="Applied Mathematical Modelling",
	year="2006",
	volume="{30}",
	pages="{ 744 -- 763}"
	}

@phdthesis{Diehl1,
	title="Analysis of metallic nanostructures by a discontinuous {G}alerkin time-domain {M}axwell solver on graphics processing units",
	author="R. T. H. Diehl",
	school="Karlsruher Instituts f{\"u}r Technologie",
	year="2012"
	}
	
@article{Fahs2,
	title="A high-order non-conforming discontinuous {G}alerkin method for time-domain electromagnetics",
	author="H. Fahs and S. Lanteri",
	journal="Journal of Computational and Applied Mathematics",
	year="2010",
	volume="{234}",
	pages="{ 1088 -- 1096}"
	}

@article
	{Leger1,
	title="A parallel non-conforming multi-element {DGTD} method for the simulation of electromagnetic wave interaction with metallic nanoparticles",
	author="R. L\'eger and J. Viquerat and C. Durochat and C. Scheid and S. Lanteri",
	journal="Journal of Computational and Applied Mathematics",
	year="2014",
	volume="{270}",
	pages="{ 330 -- 342}"
	}
	
@techreport
	{Piperno1,
	title="Symplectic local time-stepping in non-dissipative {DGTD} methods applied to wave propagation problems",
	author="S. Piperno",
	institution="Inria Sophia Antipolis, Project-team Ca{\"i}man",
	year="2005"
	}
	
@techreport
	{Remaki1,
	title="Une m\'ethode de {G}alerkin Discontinu pour la r\'esolution des \'equations de {M}axwell en milieu h\'et\'erogene",
	author="M. Remaki and L. Fezoui",
	institution="Inria Sophia Antipolis, Project-team Ca{\"i}man",
	year="1998"
	}

@article
	{Moya1,
	title="Temporal convergence of a locally implicit discontinuous {G}alerkin method for {M}axwell's equations",
	author="L. Moya",
	journal="ESAIM : Mathematical Modelling and Numerical Analysis",
	year="2012",
	volume="{46}",
	pages="{ 1225 -- 1246}"
	}
	
@article
	{Busch1,
	title="Discontinuous {G}alerkin methods in nanophotonics",
	author="K. Busch and M. K{\"o}nig and J. Niegemann",
	journal="Laser Photonics Review",
	year="2011",
	volume="{5}",
	pages="{ 1 -- 37}"
	}

@article
	{Ji1,
	title="High-order {DGDT} methods for dispersive {M}axwell's equations and modelling of silver nanowire coupling",
	author="X. Ji and W. Cai and P. Zhang",
	journal="International Journal for Numerical Methods in Engineering",
	year="2007",
	volume="{69}",
	pages="{ 308 -- 325}"
	}
	
@article
	{Li1,
	title="Analysis and application of the model discontinuous {G}alerkin method for wave propagation in metamaterials",
	author="J. Li and J. S. Hesthaven",
	journal="Journal of Computational Physics",
	year="2014",
	volume="{258}",
	pages="{ 915 -- 930}"
	}
	
@article
	{Konig1,
	title="The discontinuous {G}alerkin time-domain method for {M}axwell's equations with anisotropic materials",
	author="M. K{\"o}nig and K. Busch and J. Niegemann",
	journal="Photonics and Nanostructures : Fundamentals and Applications",
	year="2010",
	volume="{8}",
	pages="{ 303 -- 309}"
	}
	


@book
	{Hesthaven2,
    	title="Nodal discontinuous {G}alerkin methods",
    	author="J. S. Hesthaven and T. Warburton",
    	publisher="Springer",
    	year="2008"
	}
	
@article
	{Warburton1,
	title="An explicit construction of interpolation nodes on the simplex",
	author="T. Warburton",
	journal="Journal of Engineering Mathematics",
	year="2006",
	volume="{6}",
	pages="{ 247 -- 262}"
	}

@PhDThesis
	{Konig2,
	title="Discontinuous {G}alerkin Methods in Nanophotonics",
	author="M. K{\"o}nig",
	school="Fakult{\"a}t f{\"u}r Physik des Karlsruher Instituts f{\"u}r Technologie",
	year="2011"
	}

@PhDThesis
	{Niegemann1,
	title="Higher-Order Methods for Solving {M}axwell's Equations in the Time-Domain",
	author="J. Niegemann",
	school="Fakult{\"a}t f{\"u}r Physik des Karlsruher Instituts f{\"u}r Technologie",
	year="2009"
	}
	
@article
	{Niegemann3,
	title="Efficient low-storage {R}unge-{K}utta schemes with optimized stability regions",
	author="J. Niegemann and R. Diehl and K. Busch",
	journal="Journal of Computational Physics",
	year="2012",
	volume="{231}",
	pages="{ 364 -- 372}"
	}
	
@article
	{Niegemann4,
	title="Higher-order time-domain methods for the analysis of nano-photonic systems",
	author="J. Niegemann and M. K{\"o}nig and K. Stannigel and K. Busch",
	journal="Photonics and Nanostructures - Fundamentals and Applications",
	year="2009",
	volume="{7}",
	pages="{ 2 -- 11}"
	}

@article
	{Stannigel1,
	title="Discontinuous {G}alerkin time-domain computations of metallic nanostructures",
	author="K. Stannigel and M. Koenig and J. Niegemann and K. Busch",
	journal="Optics Express",
	year="2009",
	volume="{17}",
	pages="{ 14934 -- 14947}"
	}
	
@article
	{Demirel1,
	title="Efficient multiple time-stepping algorithms of higher order",
	author="A. Demirel and J. Niegemann and K. Busch and M. Hochbruck",
	journal="Journal of Computational Physics",
	year="2015",
	volume="{285}",
	pages="{ 133 -- 148}"
	}
	
@article
	{Petersen1,
	title="A space-time discontinuous {G}alerkin method for the solution of the wave equation in the time-domain",
	author="S. Petersen and C. Farhat and R. Tezaur",
	journal="International Journal for Numerical Methods in Engineering",
	year="2000",
	volume="{0}",
	pages="{ 1 -- 6}"
	}
	
@article
	{Angulo1,
	title="An Explicit Nodal Space-Time Discontinuous {G}alerkin Method for {M}axwell's Equations",
	author="L. D. Angulo and J. Alvarez and M. F. Pantoja and S. G. Garcia",
	journal="IEEE Microwave and Wireless Components Letters",
	year="2014",
	volume="{24}",
	pages="{ 827 -- 829}"
	}
	
@article
	{Matyssek1,
	title="Computing electron energy loss spectra with the discontinuous {G}alerkin time-domain method",
	author="C. Matyssek and J. Niegemann and W. Hergert and K. Busch",
	journal="Photonics and Nanostructures",
	year="2011",
	volume="{9}",
	pages="{ 367 -- 373}"
	}
	
@article
	{Lanteri1,
	title="Hybrid {MIMD/SIMD} high order {DGTD} solver for the numerical modeling of light/matter interaction on the nanoscale",
	author="S. Lanteri and R. L\'eger and C. Scheid and J. Viquerat and T. Cabel and G. Hautreux",
	journal="PRACE White papers",
	year="2014"
	}
	
@phdthesis{Gonzalez1,
	title="A discontinuous {G}alerkin finite element method for the time-domain solution of {M}axwell's equations",
	author="J. A. Gonzalez",
	school="Universidad de Granada",
	year="2013"
	}
	
@article
	{Alvarez1,
	title="3{D} discontinuous {G}alerkin Time-Domain Method for Anisotropic Materials",
	author="J. Alvarez and L. D. Angulo and A. R. Bretones and S. G. Garcia",
	journal="IEEE Microwave and Wireless Components Letters",
	year="2012",
	volume="{11}",
	pages="{ 1182 -- 1185}"
	}
	
@techreport
	{Viquerat1,
	title="Theoretical and numerical analysis of local dispersion models coupled to a discontinuous {G}alerkin time-domain method for {M}axwell's equations",
	author="J. Viquerat and M. Klemm and S. Lanteri and C. Scheid",
	institution="INRIA",
	year="2013"
	}
	
@techreport
	{Scheid1,
	title="Convergence of a Discontinuous {G}alerkin scheme for the mixed time domain Maxwell's equations in dispersive media",
	author="C. Scheid and S. Lanteri",
	institution="INRIA",
	year="2011"
	}
	
@unpublished
	{Lanteri2,
	title="Analysis of a generalized dispersive model coupled to a {DGTD} method with application to nanophotonics",
	author="S. Lanteri and C. Scheid and J. Viquerat",
	journal="SIAM Journal of Scientific Computation",
	note="Submitted, 2015"
	}
	
@article
	{Leger2,
	title="Assessing the {DEEP-ER} cluster/booster architecture with a finite-element type solver for bioelectromagnetics",
	author="R. L\'eger and M. Alvarez Mallon and A. Duran and S. Lanteri",
	journal="PARCO Conference 2015",
	year="2015"
	}

@article
	{Leger3,
	title="Multiscale hybrid methods for time-domain electromagnetics",
	author="S. Lanteri and R. L\'eger and D. Paredes and C. Scheid and F. Valentin",
	journal="ADMOS Conference 2015",
	year="2015"
	}
	
@techreport
	{Fezoui2,
	title="Discontinuous {G}alerkin methods for the numerical solution of the nonlinear {M}axwell equations in {1D}",
	author="L. Fezoui and S. Lanteri",
	institution="INRIA",
	year="2015"
	}
	
@phdthesis{Blank1,
	title="The {D}iscontinuous {G}alerkin method for {M}axwell's equations, application to bodies of revolution and {K}err-nonlinearities",
	author="E. Blank",
	school="Karlsruher Instituts fur Technologie",
	year="2013"
	}
	
@article
	{Schnepp1,
	title="Efficient large scale electromagnetic simulations using dynamically adapted meshes with the discontinuous {G}alerkin method",
	author="S. M. Schnepp and T. Weiland",
	journal="Journal of Computational and Applied Mathematics",
	year="2012",
	volume="{236}",
	pages="{ 4909 -- 4924}"
	}
	
@techreport
	{Lanteri4,
	title="An implicit hybridized discontinuous {G}alerkin method for time-domain {M}axwell's equations",
	author="S. Lanteri and R. Perrussel",
	institution="INRIA",
	year="2011"
	}
	
%%%%%%%%%%%%%%%%%%%%%%%% p-local

@article
	{Verwer1,
	title="Unconditionaly stable integration of Maxwell's equations",
	author="J. G. Verwer and M. A. Botchev",
	journal="Linear Algebra and Applications",
	volume="{431}",
	year="2009",
	pages="{ 300 -- 317}"
	}

@article
	{Verwer2,
	title="Component splitting for semi-discrete Maxwell's equations",
	author="J. G. Verwer",
	journal="BIT Numerical Mathematics",
	volume="{51}",
	year="2010",
	pages="{ 427 -- 445}"
	}

@PhDThesis
	{Moya2,
	title="Locally implicit discontinuous {G}alerkin time-domain methods for electromagnetic wave propagation in biological tissues",
	author="L. Moya",
	school="Universit\'e Nice Sophia-Antipolis",
	year="2013"
	}
	
@article
	{Piperno2,
	title="Symplectic local time-stepping in non-dissipative {DGTD} methods applied to wave propagation problems",
	author="S. Piperno",
	journal="ESAIM: Mathematical Modelling and Numerical Analysis",
	volume="{40}",
	year="2006",
	pages="{ 815 -- 841}"
	}
	
@article
	{Diaz1,
	title="Energy conserving explicit local time stepping for second-order wave equations",
	author="J. Diaz and M. Grote",
	journal="SIAM Journal of Scientific Computing",
	volume="{31}",
	year="2009",
	pages="{ 1985 -- 2014}"
	}
	
@article
	{Hatab1,
	title="Free-Standing Optical Gold Bowtie Nanoantenna with Variable Gap Size for Enhanced {R}aman Spectroscopy",
	author="N. A. Hatab and C.-H. Hsueh and A. L. Gaddis and S. T. Retterer and J.-H. Li and G. Eres and Z. Zhang and B. Gu",
	journal="Nano Letters",
	volume="{10}",
	year="2010",
	pages="{ 4952 -- 4955}"
	}
	
@article
	{Zhang2,
	title="Bowtie Nanoantenna with Single-Digit Nanometer Gap for Surface-Enhanced {R}aman Scattering {(SERS)}",
	author="J. Zhang and M. Irannejad and B. Cui",
	journal="Plasmonics",
	year="2014",
	}
	
@article
	{Kotkowiak1,
	title="Near and far-field properties of nanoprisms with rounded edges",
	author="B. Grzeskiewicz and K. Ptaszynski and M. Kotkowiak",
	journal="Plasmonics",
	volume="{9}",
	year="2014",
	pages="{ 607 -- 614}"
	}

%%%%%%%%%%%%%%%%%%%%%%%% Curviligne

@article
	{Hughes1,
	title="Isogeometric analysis: CAD, finite elements, NURBS, exact geometry and mesh refinement",
	author="T. JR. Hughes and J. A. Cottrell and Bazilevs, Y.",
	journal="Computer methods in applied mechanics and engineering",
	volume="{194}",
	year="2005",
	pages="{ 4135 -- 4195}"
	}

@techreport
	{Hesthaven3,
	title="High-order/spectral methods on unstructured grids",
	author="J. S. Hesthaven and Warburton, T.",
	institution="National Aeronautics and Space Administration",
	year="2001"
	}

@article
	{Bassi1,
	title="High-order accurate discontinuous finite element solution of the 2{D} {E}uler equations",
	author="F. Bassi and S. Rebay",
	journal="Journal of Computational Physics",
	volume="{138}",
	year="1997",
	pages="{ 251 -- 285}"
	}

@article
	{Siebenborn1,
	title="A curved-element unstructured discontinuous {G}alerkin method on {GPU}s for the {E}uler equations",
	author="M. Siebenborn and V. Schulz and S. Schmidt",
	journal="arXiv",
	volume="1208.4772",
	year="2013" 
	}

@article
	{Niegemann2,
	title="Using curved elements in the discontinuous {G}alerkin time-domain approach",
	author="J. Niegemann and M. K{\"o}nig and C. Prohm and R. Diehl and K. Busch",
	journal="AIP Conference Proceedings",
	volume="{1291}",
	year="2010",
	pages="{ 76}"
	}

@article
	{Warburton2,
	title="A low storage curvilinear discontinuous {G}alerkin time-domain method for electromagnetics",
	author="T. Warburton",
	journal="URSI International Symposium on Electromagnetic Theory",
	year="2010",
	pages="{ 996 -- 999}"
	}

@article
	{Warburton3,
	title="A low storage curvilinear discontinuous {G}alerkin method for wave problems",
	author="T. Warburton",
	journal="SIAM Journal of Scientific Computing",
	volume="{35}",
	year="2013",
	pages="{ 1987 -- 2012}"
	}

@article
	{Fahs3,
	title="Improving accuracy of high-order discontinuous {G}alerkin method for time-domain electromagnetics on curvilinear domains",
	author="H. Fahs",
	journal="International Journal of Computer Mathematics",
	volume="{88}",
	year="2011",
	pages="{ 1 -- 30}"
	}

@article
	{Geuz1,
	title="Robust untangling of curvilinear meshes",
	author="T. Toulorge and C. Geuzaine and J.-F. Remacle and J. Lambrechts",
	journal="Proceedings of the 21st International Meshing Roundtable",
	year="2012",
	pages="{ 71 -- 83}"
	}

@article
	{Geuz2,
	title="Geometrical Validity of Curvilinear Finite Elements",
	author="A. Johen and J.-F. Remacle and C. Geuzaine",
	journal="Proceedings of the 20th International Meshing Roundtable",
	year="2012",
	pages="{ 255 -- 271}"
	}

@article
	{Hille1,
	title="Improving Nano-Optical Simulations Through Curved Elements Implemented within the Discontinuous {G}alerkin Method",
	author="A. Hille and R. Kullock and S. Grafstr{\"o}m and L. M. Eng",
	journal="Journal of Computational and Theoretical Nanoscience",
	volume="{7}",
	year="2010",
	pages="{ 1581 -- 1586}"
	}
	
@article
	{Geuz3,
	title="{G}msh: a three-dimensional finite element mesh generator with built-in pre- and post-processing facilities",
	author="C. Geuzaine and J.-F. Remacle",
	journal="International Journal for Numerical Methods in Engineering",
	year="2009",
	volume="{0}",
	pages="{ 1 -- 24}"
	}

@article
	{Schoberl1,
	title="{NETGEN} : {A}n advancing front 2{D}/3{D}-mesh generator based on abstract rules",
	author="J. Sch{\"o}berl",
	journal="Computing and Visualization in Science",
	year="1997",
	volume="{1}",
	pages="{ 41 -- 52}"
	}

@article
	{Dey1,
	title="Curvilinear mesh generation in 3{D}",
	author="S. Dey and R. M. O'Bara and M. S. Shephard",
	journal="Proceedings of the 8th International Meshing Roundtable",
	year="1999",
	pages="{ 407 -- 417}"
	}
	
@article
	{Cools1,
	title="An {E}ncyclopaedia of cubature formulas",
	author="R. Cools",
	journal="Journal of Complexity",
	year="2003",
	volume="{19}",
	pages="{ 445 -- 453}"
	}

@book
	{Stroud1,
    	title="Approximate calculation of integrals",
    	author="V. I. Krylov and A. H. Stroud",
    	publisher="Dover Publications Inc.",
    	year="2005"
	}

@article
	{Zhang1,
	title="A set of symmetric quadrature rules on triangles and tetrahedra",
	author="L. Zhang and T. Cui and H. Liu",
	journal="Journal of Computational Mathematics",
	year="2009",
	volume="{27}",
	pages="{ 89 -- 96}"
	}
	
@article
	{Moreau2,
	title="Controlled-reflectance surfaces with film-coupled colloidal nanoantennas",
	author="A. Moreau and C. Ciraci and J. J. Mock and R. T. Hill and Q. Wang and B. J. Wiley and A. Chilkoti and D. R. Smith",
	journal="Nature",
	year="2012",
	volume="{492}",
	pages="{ 86 -- 90}"
	}
	
@article
	{Lassiter1,
	title="Plasmonic waveguide modes of film-coupled metallic nanocubes",
	author="J. B. Lassiter and F. McGuire and J. J. Mock and C. Ciraci and R. T. Hill and B. J. Wiley and A. Chilkoti and D. R. Smith",
	journal="Nano Letters",
	year="2013",
	volume="{13}",
	pages="{ 5866 -- 5872}"
	}

%%%%%%%%%%%%%%%%%%%%%%%% Methods en temps

@techreport
	{Carpenter1,
	title="Fourth-order 2N-storage {R}unge-{K}utta schemes",
	author="M. H. Carpenter and C. A. Kennedy",
	institution="National Aeronautics and Space Administration",
	year="1994"
	}

@book
	{Butcher1,
    	title="The Numerical Analysis of Ordinary Differential Equations: {R}unge-{K}utta and General Linear Methods",
    	author="J. C. Butcher",
    	publisher="Wiley",
    	year="1987"
	}

@book
	{Lambert1,
    	title="Numerical Methods for Ordinary Differential Systems",
    	author="J. D. Lambert",
    	publisher="Wiley",
    	year="1991"
	}

@article
	{Williamson1,
	title="Low-storage {R}unge-{K}utta scheme",
	author="J. H. Williamson",
	journal="Journal of Computational Physics",
	year="1980",
	volume="{35}",
	pages="{ 48 -- 56}"
	}
	
@article
	{Botchev1,
	title="Numerical Integration of Damped Maxwell Equations",
	author="M. A. Botchev and J. G. Verwer",
	journal="Journal of Scientific Computing",
	year="2009",
	volume="{31}",
	pages="{ 1322 -- 1346}"
	}
	
%%%%%%%%%%%%%%%%%%%%%%%% Autres methodes

@phdthesis
	{Pavaskar1,
	title="Electromagnetic modeling of plasmonic nanostructures",
	author="P. Pavaskar",
	school="University of Southern California",
	year="2013"
	}

@book
	{Gibson1,
    	title="The method of moments in electromagnetics",
	edition="Second",
    	author="W. C. Gibson",
   	publisher="Chapman and Hall/CRC",
    	year="2014"
	}

@article
	{Draine1,
	title="Discrete-dipole approximation for scattering calculations",
	author="B. T. Draine and P. J. Flatau",
	journal="Journal of the Optical Society of America A",
	year="1994",
	volume="{11}",
	pages="{ 1491 -- 1499}"
	}
	
@article
	{Hohenester1,
	title="{MNPBEM} - A {M}atlab toolbox for the simulation of plasmonic particles",
	author="U. Hohenester and A. Trugler",
	journal="Computer Physics Communications",
	year="2012",
	volume="{183}",
	pages="{ 370 -- 381}"
	}

@article
	{Moharam1,
	title="Rigorous coupled-wave analysis of planar-grating diffraction",
	author="M. G. Moharam and T. K. Gaylord",
	journal="Journal of the Optical Society of America",
	year="1981",
	volume="{71}",
	pages="{ 811 -- 818}"
	}
	
@article
	{Nguyen1,
	title="Hybridizable discontinuous {G}alerkin methods for time-harmonic {M}axwell's equations",
	author="N. C. Nguyen and J. Peraire and B. Cockburn",
	journal="Journal of Computational Physics",
	year="2011",
	volume="{230}",
	pages="{ 7151 -- 7175}"
	}
	
@article
	{Lanteri3,
	title="Hybrid {MIMD/SIMD} High Order {DGTD} Solver for the Numerical Modeling of Light/Matter Interaction on the Nanoscale",
	author="S. Lanteri and R. L\'eger and C. Scheid and J. Viquerat and T. Cabel and G. Hautreux",
	journal="PRACE",
	year="2014"
	}
	
@article
	{Harder1,
	title="A Family of Multiscale Hybrid-Mixed Finite Element Methods for the {D}arcy Equation with Rough Coefficients ",
	author="C. Harder and D. Paredes and F. Valentin",
	journal="Journal of Computational Physics",
	year="2013",
	volume="{245}",
	pages="{ 107 -- 130}"
	}
	
%%%%%%%%%%%%%%%%%%%%%%%% ABC/PML
	
@article
	{Wilcox1,
	title="An expansion theorem for electromagnetic fields",
	author="C. H. Wilcox",
	journal="Communications on pure and applied mathematics",
	year="1956",
	volume="{9}",
	pages="{ 115 -- 134}"
	}

@article
	{Webb1,
	title="Absorbing boundary conditions for the finite element solution of the vector wave equation",
	author="J. P. Webb and V. N. Kanellopoulos",
	journal="Microwave and optical technology letters",
	year="1989",
	volume="{2}",
	pages="{ 370 -- 372}"
	}
	
@techreport
	{Cioni1,
	title="Approximation des \'equations de Maxwell par des schemas d\'ecentr\'es en \'el\'ements finis",
	author="J.-P. Cioni and L. Fezoui and H. Steve",
	institution="INRIA",
	year="2006"
	}
	
@article
	{Berenger1,
	title="A perfectly matched layer for the absorption of electromagnetic waves",
	author="J.-P. B\'erenger",
	journal="Journal of Computational Physics",
	year="1994",
	volume="{114}",
	pages="{ 185 -- 200}"
	}
	
@book
	{Berenger2,
    	title="Perfectly matched layer for computational electromagnetics",
	edition="First",
    	author="J.-P. B\'erenger",
   	publisher="Morgan \& Claypool",
    	year="{2007}"
	}
	
@article
	{Kuzuoglu1,
	title="Frequency dependence of the constitutive parameters of causal perfectly matched layers",
	author="M. Kuzuoglu and R. Mittra",
	journal="IEEE Microwave and Guided Wave Letters",
	year="1996",
	volume="{6}",
	pages="{ 447 -- 449}"
	}
	
@article
	{Roden1,
	title="Convolutional {PML} ({CPML}): An Efficient {FDTD} Implementation of the {CFS-PML} for Arbitrary Media",
	author="J. A. Roden and S. D. Gedney",
	journal="Microwave and Optical Technology Letters",
	year="2000",
	volume="{27}",
	pages="{ 334 -- 339}"
	}
	
@techreport
	{Becache1,
	title="On the long-time behavior of unsplit perfectly matched layers",
	author="E. B\'ecache and P. G. Petropoulous and S. D. Gedney",
	institution="INRIA",
	year="2002"
	}	

%%%%%%%%%%%%%%%%%%%%%%%% Divers

@techreport
	{Reed1,
	title="Triangular mesh method for the neutron transport equation",
	author="W. H. Reed and T. R. Hill",
	institution="Los Alamos National Laboratory",
	year="1973"
	}
	
@book
	{Monk1,
    	title="Finite Element Methods for {M}axwell's Equations",
   	author="P. Monk",
    	publisher="Oxford Science Publications",
    	year="2003"
	}
	
@book
	{Toro1,
    	title="Riemann solvers and numerical methods for fluid dynamics",
	edition="Third",
   	author="E. F. Toro",
    	publisher="Springer",
    	year="2009"
	}
	
@article
	{Taube1,
	title="A high-order discontinuous {G}alerkin method with time-accurate local time stepping for the {M}axwell equations",
	author="A. Taube and M. Dumbser and C.-D. Munz and R. Schneider",
	journal="International Journal of Numerical Modelling: Electronic Networks, Devices and Fields",
	year="2009",
	volume="{22}",
	pages="{ 77 -- 103}"
	}

@article
	{Kirkpatrick1,
	title="Optimization by simulated annealing",
	author="S. Kirkpatrick and C.D. Gelatt and M.P. Vecchi",
	journal= "Science",
	year="1983",
	volume="{220}",
	pages="{ 671 -- 680}"
	}
	
@book
	{Titchmarsh1,
	title="Introduction to the {T}heory of {F}ourier {I}ntegrals",
	author="E. C. Titchmarsh",
	publisher="Oxford at the {C}larendon {P}ress",
	year="1948"
	}
	
@article
	{Thomee1,
	title="Polygonal domain approximation in {D}irichlet's problem",
	author="V. Thom\'ee",
	journal="Journal of the Institute of Mathematics and its Applications",
	year="1973",
	volume="{11}",
	pages="{ 33 -- 44}"
	}
	
@manual
	{gestikulator,
	title="Gestikulator - Generator of a tetrahedral mesh on a sphere",
	author="J. Velimsky"
	}
	
@article
	{Karypis1,
	title="A Fast and Highly Quality Multilevel Scheme for Partitioning Irregular Graphs",
	author="G. Karypis and V. Kumar",
	journal= "SIAM Journal of Scientific Computing",
	year="1999",
	volume="{20}",
	pages="{ 359 -- 392}"
	}
	
@article
	{Sherman1,
	title="Comparative analysis of the {Cuthill-McKee} and the {Reverse Cuthill-McKee} ordering algorithms for sparse matrices",
	author="W. Liu and A. Sherman",
	journal= "SIAM Journal on Numerical Analysis",
	year="1976",
	volume="{13}",
	pages="{ 198 -- 213}"
	}
	
@article
	{Kern1,
	title="Pitfalls in the determination of optical cross sections from surface integral equations simulations",
	author="A. M. Kern and O. J. F. Martin",
	journal="IEEE Transactions on antennas and propagation",
	year="2010",
	volume="{58}",
	pages="{ 2158 -- 2161}"
	}